<?xml version="1.0" encoding="UTF-8"?><collection xmlns="http://www.loc.gov/MARC21/slim"><record><leader>00396nam--2200133-i-4500</leader><controlfield tag="001">000043008</controlfield><controlfield tag="002">20161230</controlfield><controlfield tag="005">20161230201043</controlfield><controlfield tag="008">060222s1000------------r-----000-0-eng-d</controlfield><datafield ind1=" " ind2=" " tag="100"><subfield code="a">Strehlow, H</subfield></datafield><datafield ind1=" " ind2=" " tag="245"><subfield code="a">Magnetische kernrezonanz und chemische struktur</subfield></datafield><datafield ind1=" " ind2=" " tag="260"><subfield code="a">Darmstadt, Dietrich Steinkopff Verlag, 1962, Xii+179p., 94fig</subfield></datafield><datafield ind1=" " ind2=" " tag="490"><subfield code="a">Fortschritte Der Physikalischen Chemie</subfield></datafield><datafield ind1=" " ind2=" " tag="852"><subfield code="a">13620</subfield></datafield></record></collection>